%%%%%%%%%%%%
% Journals %
%%%%%%%%%%%%

@techreport{riscv,
Author = {Waterman, Andrew and Lee, Yunsup and Patterson, David A. and Asanovic, Krste},
Title = "{The RISC-V Instruction Set Manual, Volume I: Base User-Level ISA}",
Institution = {EECS Department, University of California, Berkeley},
Year = {2011},
Month = {May},
URL = {http://www.eecs.berkeley.edu/Pubs/TechRpts/2011/EECS-2011-62.html},
Number = {UCB/EECS-2011-62}
}

@ARTICLE{immersive-audio,
author={Kyriakakis, C.},
journal={Proceedings of the IEEE},
title={Fundamental and technological limitations of immersive audio systems},
year={1998},
month={may},
volume={86},
number={5},
pages={941 -951}
}

@conference{human-recognition,
author = {Sevgi Z. G\"{u}rb\"{u}z and William L. Melvin and Douglas B. Williams},
editor = {Ivan Kadar},
collaboration = {},
title = {Detection and identification of human targets in radar data},
publisher = {SPIE},
year = {2007},
journal = {Signal Processing, Sensor Fusion, and Target Recognition XVI},
volume = {6567},
number = {1},
eid = {65670I},
numpages = {11},
pages = {65670I},
location = {Orlando, FL, USA}
}

@ARTICLE{3d-imaging-concealed-weapon,
author={Sheen, D.M. and McMakin, D.L. and Hall, T.E.},
journal={Microwave Theory and Techniques, IEEE Transactions on},
title={Three-dimensional millimeter-wave imaging for concealed weapon detection},
year={2001},
month={sep},
volume={49},
number={9},
pages={1581 -1592}
}

@ARTICLE{systolic-arrays-transpose,
author={O'Leary, Dianne P.},
journal={Computers, IEEE Transactions on},
title={Systolic Arrays for Matrix Transpose and Other Reorderings},
year={1987},
month={jan. },
volume={C-36},
number={1},
pages={117 -122}
}

ï»¿@incollection {efficient-transposition,
   author = {Christara, Christina and Ding, Xiaoliang and Jackson, Ken},
   title = {An Efficient Transposition Algorithm for Distributed Memory Computers},
   booktitle = {High Performance Computing Systems and Applications},
   series = {The Kluwer International Series in Engineering and Computer Science},
   editor = {Pollard, Andrew and Mewhort, Douglas J. K. and Weaver, Donald F.},
   publisher = {Springer US},
   pages = {349-370},
   volume = {541},
   year = {2002}
}

% Old references

@article{normalizedcuts,
  title={Normalized cuts and image segmentation},
  author={Shi, J. and Malik, J.},
  journal={PAML},
  year={2000},
}
@inproceedings{Flobject,
  title="Learning better image representations using `flobject analysis'",
  author="P.~S. Li and I.~E. Givoni and B.~J. Frey",
  booktitle="CVPR",
  year="2011"
}
@inproceedings{lee2010collect,
  title={Collect-cut: Segmentation with top-down cues discovered in multi-object images},
  author={Lee, Y.J. and Grauman, K.},
  booktitle="CVPR",
  year="2010"
}
@article{ross2009segmentation,
  title={Segmentation according to natural examples: Learning static segmentation from motion segmentation},
  author={Ross, M.G. and Kaelbling, L.P.},
  journal={Pattern Analysis and Machine Intelligence},
  year={2009},
}
@inproceedings{russell2006segmentations,
  title={Using multiple segmentations to discover objects and their extent in image collections},
  author={Russell, B.C. and Freeman, W.T. and Efros, A.A. and Sivic, J. and Zisserman, A.},
  booktitle="CVPR",
  year={2006}
}
@inproceedings{stein2007motioncues,
  title={Learning to find object boundaries using motion cues},
  author={Stein, A. and Hoiem, D. and Hebert, M.},
  booktitle={Computer Vision, 2007. ICCV 2007. IEEE 11th International Conference on},
  pages={1--8},
  year={2007},
  organization={IEEE}
}
@inproceedings{SpatioTemporal,
  title="Convolutional Learning of Spatio-temporal Features",
  author="G. Taylor and R. Fergus and Y. LeCun and C. Bregler",
  booktitle="ECCV",
  year="2010"
}
@inproceedings{Epitomes,
  title="Epitomic analysis of appearance and shape",
  author="N. Jojic and B.~J. Frey and A. Kannan",
  booktitle="ICCV",
  year="2003"
}
@inproceedings{HOG,
  title="{Histograms of oriented gradients for human detection}",
  author={Dalal, N. and Triggs, B.},
  booktitle={CVPR},
  year={2005}
}

@inproceedings{SIFT,
  title="{Object recognition from local scale-invariant features}",
  author={Lowe, D.G.},
  booktitle={ICCV},
  year={1999},
}

@article{GIST,
author="A. Oliva, and A. Torralba",
title="{Building the Gist of a Scene: The Role of Global Image Features in Recognition}",
journal = "Progress in Brain Research",
volume= "155",
year = {2006},
}

@article{BlindStudy,
  title="{Visual parsing after recovery from blindness}",
  author={Ostrovsky, Y. and Meyers, E. and Ganesh, S. and Mathur, U. and Sinha, P.},
  journal={Psychological Science},
  volume={20},
  year={2009},
}

@article{LDA,
  title="{Latent Dirichlet allocation}",
  author={Blei, D.M. and Ng, A.Y. and Jordan, M.I.},
  journal={Journal of Machine Learning Research},
  volume={3},
  year={2003},
}

@article{GibbsLDA,
author="Thomas L. Griffiths and Mark Steyvers",
title="{Finding Scientific Topics}",
journal = "PNAS",
volume= "101",
year = {2004},
}

@article{OpticalFlow,
title="Lucas and {K}anade meets {H}orn and {S}chunck: {C}ombining local and global optic flow methods",
author="A. Bruhn and J. Weickert and C. Schn{\"o}rr",
journal="IJCV",
volume="61",
year="2005"
}

@inproceedings{Caltech,
  author = {L. Fei-Fei and R. Fergus and P. Perona},
  title = "{Learning generative visual models from few training examples: an incremental Bayesian approach tested on 101 object categories}",
  booktitle = {CVPR},
  year = {2004}
}

@article{Sudderth,
  title="{Describing visual scenes using transformed objects and parts}",
  author={Sudderth, E.B. and Torralba, A. and Freeman, W.T. and Willsky, A.S.},
  journal={International Journal of Computer Vision},
  volume={77},
  year={2008},
}

@article{recognition-is-hard,
  title="{Why is real-world visual object recognition hard?}",
  author={Pinto, N. and Cox, D.D. and DiCarlo, J.J.},
  journal={PLoS computational biology},
  volume={4},
  year={2008}
}

@inproceedings{sivic2005discovering,
  title="{Discovering objects and their location in images}",
  author={Sivic, J. and Russell, B.C. and Efros, A.A. and Zisserman, A. and Freeman, W.T.},
  booktitle={ICCV},
  year={2005}
}

@inproceedings{cao2007spatially,
  title="{Spatially coherent latent topic model for concurrent object segmentation and classification}",
  author={Cao, L. and Fei-Fei, L.},
  booktitle={ICCV},
  year={2007}
}

@inproceedings{waltz1975understanding,
  title="{Understanding line drawings of scenes with shadows}",
  author={Waltz, D.},
  booktitle={The Psychology of Computer Vision},
  year={1975},
}

@inproceedings{jojic2001learning,
  title="{Learning flexible sprites in video layers}",
  author={Jojic, N. and Frey, B.J.},
  booktitle={CVPR},
  year={2001}
}

@inproceedings{spatialpyramid,
  title="{Beyond bags of features: Spatial pyramid matching for recognizing natural scene categories}",
  author={Lazebnik, S. and Schmid, C. and Ponce, J.},
  booktitle={CVPR},
  year={2006},
}

@inproceedings{eigenfaces,
  title="{Face recognition using eigenfaces}",
  author={Turk, M.A. and Pentland, A.P.},
  booktitle={CVPR},
  year={1991},
}

@article{autoencoders,
  title="{Reducing the dimensionality of data with neural networks}",
  author={Hinton, G.E. and Salakhutdinov, R.R.},
  journal={Science},
  volume={313},
  year={2006},
}

@article{rbm,
  title="{A fast learning algorithm for deep belief nets}",
  author={Hinton, G.E. and Osindero, S. and Teh, Y.W.},
  journal={Neural computation},
  volume={18},
  year={2006}
}

@inproceedings{le1990handwritten,
  title="{Handwritten digit recognition with a back-propagation network}",
  author={Le Cun, B.B. and Denker, JS and Henderson, D. and Howard, RE and Hubbard, W. and Jackel, LD},
  booktitle={NIPS},
  year={1990},
}

@article{convolutionalnetworks,
  title="{Gradient-based learning applied to document recognition}",
  author={LeCun, Y. and Bottou, L. and Bengio, Y. and Haffner, P.},
  journal={Proceedings of the IEEE},
  volume={86},
  year={1998},
}

@inproceedings{gaussianprocesses,
  title="{Active learning with gaussian processes for object categorization}",
  author={Kapoor, A. and Grauman, K. and Urtasun, R. and Darrell, T.},
  booktitle={ICCV},
  year={2007},
}

%%%%%%%%%%%%%%
%%% Books %%%%
%%%%%%%%%%%%%%

@book{Bishop06,
    author = {Christopher  M. Bishop},
    month = {August},
    publisher = {Springer},
    title = "{Pattern Recognition and Machine Learning}",
    year = {2006}
}
